<record><leader>00000cas a22000007a 4500</leader><controlfield tag="001">17221865</controlfield><controlfield tag="008">871211d190419uuwiuwr ne      0    0eng d</controlfield><datafield ind1=" " ind2=" " tag="010"><subfield code="a">sn 87082661 </subfield></datafield><datafield ind1=" " ind2=" " tag="040"><subfield code="a">NPV</subfield><subfield code="b">eng</subfield><subfield code="c">NPV</subfield><subfield code="d">OCLCQ</subfield></datafield><datafield ind1=" " ind2=" " tag="042"><subfield code="a">msc</subfield></datafield><datafield ind1="0" ind2="4" tag="245"><subfield code="a">The Wausau daily news.</subfield></datafield><datafield ind1=" " ind2=" " tag="260"><subfield code="a">Wausau, Wis. :</subfield><subfield code="b">Dunn, Jaeger &amp; Wolslegel</subfield></datafield><datafield ind1=" " ind2=" " tag="300"><subfield code="a">v.</subfield></datafield><datafield ind1=" " ind2=" " tag="310"><subfield code="a">Daily (except Sunday)</subfield></datafield><datafield ind1="1" ind2=" " tag="362"><subfield code="a">Began with Sept. 26, 1904 issue.</subfield></datafield><datafield ind1=" " ind2=" " tag="580"><subfield code="a">Issued also in a weekly edition called: Wausau news.</subfield></datafield><datafield ind1=" " ind2=" " tag="588"><subfield code="a">Description based on: First year, no. 226 (June 22, 1905).</subfield></datafield><datafield ind1=" " ind2=" " tag="752"><subfield code="a">United States</subfield><subfield code="b">Wisconsin</subfield><subfield code="c">Marathon</subfield><subfield code="d">Wausau.</subfield></datafield><datafield ind1="1" ind2=" " tag="775"><subfield code="t">Wausau news</subfield><subfield code="w">(DLC)sn 85040754</subfield></datafield></record>